@Book{Lam92,
author = {Lamport, L.},
title = {LaTeX system przygotowywania dokumentów},
publisher = {Wydawnictwo Ariel},
year = {1992},
address = {Kraków},

langid = {polish},
}

@Book{Dil00,
author = {Diller, A.},
title = {LaTeX wiersz po wierszu},
publisher = {Wydawnictwo Helion},
year = {2000},
address = {Gliwice},

langid = {polish},
}


@Manual{MPU-6050,
title = {Ada Reference Manual {ISO}/{IEC} 8652:200y({E}) {E}d. 3},
organization = {Ada Europe},
year = {2006}
}

@Article{BuDo03,
author = {Burns, A. and Dobbing, B.},
title = {The {R}avenscar {P}rofile for Real--Time and High Integrity Systems},
journal = {Cross{T}alk},
year = {2003},
volume = {16},
number = {11},
pages = {9--12}
}



@InProceedings{PeDa04,
author = {Peleska, J. and Große, D. and Haxthausen, A. E. and Drechsler, R.},
title = {Automated Verification for Train Control Systems},
booktitle = {Proc. of the 5th Symposium on Formal Methods for Automation and Safety in Railway and Automotive Systems (FORMS/FORMAT 2004)},
year = {2004},
pages = {252--265},
address = {Braunschweig, Germany},
month = {December}
}

@TechReport{BuDoVa03,
author = {Burns, A. and Dobbing, B. and Vardanega, T.},
title = {Guide for the Use of the Ada Ravenscar Profile in High Integrity Systems},
institution = {University of York},
year = {2003},
number = {YCS-2003-348}
}



@manual{MPU6050,
	title = {Dokumentacja układu MPU-6050},
	howpublished = "\url{https://invensense.tdk.com/wp-content/uploads/2015/02/MPU-6000-Datasheet1.pdf}"
}

@manual{LSM9DS1,
	title = {Dokumentacja układu LSM9DS1},
	howpublished = "\url{https://www.st.com/resource/en/datasheet/lsm9ds1.pdf}"
}

@manual{LSM6DSOX,
	title = {Dokumentacja układu LSM6DSOX},
	howpublished = "\url{https://www.st.com/resource/en/datasheet/lsm6dsox.pdf}"
}

@manual{ATMEGA328P,
	title = {Dokumentacja układu ATmega328p},
	howpublished = "\url{http://www.elenota.pl/datasheetpdf/158353/Atmel/ATMEGA328P}"
}


@manual{STM32F303K8,
	title = {Dokumentacja układu STM32F303K8},
	howpublished = "\url{https://www.st.com/resource/en/datasheet/stm32f303k8.pdf}"
}

@manual{NRF52840,
	title = {Dokumentacja układu nRF52840},
	howpublished = "\url{https://infocenter.nordicsemi.com/pdf/nRF52840-PS-v1.1.pdf}"
}

@manual{SIM800L,
	title = {Dokumentacja układu SIM800L},
	howpublished = "\url{https://www.filipeflop.com/img/files/download/Datasheet-SIM800L.pdf}"
}

@manual{SKY66430,
	title = {Dokumentacja układu SKY66430},
}

@manual{BN220,
	title = {Dokumentacja układu Beitian BN-220},
	howpublished = "\url{https://files.banggood.com/2016/11/BN-22020GPS+Antenna20datasheet.pdf}"
}

@manual{MT3339,
	title = {Opis producenta układu MT3339},
	howpublished = "\url{https://labs.mediatek.com/en/chipset/MT3339}",
}

@manual{MT3333,
	title = {Dokumentacja układu MT3333},
}

@manual{ANGI,
  title = {Strona producenta rozwiązania ANGI},
  howpublished = "\url{https://www.specialized.com/pl/pl/stories/angi}"
}

@manual{otii,
  title       = {Strona producenta Otii},
  howpublished = "\url{https://www.qoitech.com/}"
}

@manual{unico,
  title       = {Program Unico-GUI},
  howpublished = "\url{https://www.st.com/en/development-tools/unico-gui.html}"
}

@manual{lsm6dsoxappnote,
  title       = {Nota aplikacyjna maszyn stanów układu LSM6DSOX},
  howpublished = "\url{https://www.st.com/resource/en/application_note/dm00572971-lsm6dsox-finite-state-machine-stmicroelectronics.pdf}"
}

@manual{polte,
  title       	= {POLTE website - How it works?},
  howpublished  = "\url{https://www.polte.com/our-technology/how-it-works/}"
}

@article{moca_acc,
author = {Farella, Elisabetta and Benini, Luca and Riccò, Bruno and Acquaviva, Andrea},
year = {2007},
month = {05},
pages = {},
title = {MOCA: A Low-Power, Low-Cost Motion Capture System Based on Integrated Accelerometers},
volume = {2007},
journal = {Advances in Multimedia},
doi = {10.1155/2007/82638}
}

@article{collisions,
author = {Spörri, Emilian and Halvachizadeh, Sascha and Gamble, Jamison and Allemann, Florin and Pape, Hans and Rauer, Thomas and Pfeifer, Roman and Herr, Daniel},
year = {2021},
month = {07},
pages = {3359},
title = {Comparison of Injury Patterns between Electric Bicycle, Bicycle and Motorcycle Accidents},
volume = {2021},
journal = {Journal of Clinical Medicine},
doi = {10.3390/jcm10153359}
}